@book{needham2019graph,
  title={Graph Algorithms: Practical Examples in Apache Spark and Neo4j},
  author={Needham, Mark and Hodler, Amy E},
  year={2019},
  publisher={O'Reilly Media}
}